<record><leader>00000cas a2200000 a 4500</leader><controlfield tag="001">8784613</controlfield><controlfield tag="008">820917d19451968iluwr ne      0   a0eng  </controlfield><datafield ind1=" " ind2=" " tag="010"><subfield code="a">sn 82014620 </subfield></datafield><datafield ind1=" " ind2=" " tag="040"><subfield code="a">DLC</subfield><subfield code="b">eng</subfield><subfield code="c">DLC</subfield><subfield code="d">NVF</subfield><subfield code="d">OCLCQ</subfield><subfield code="d">NVF</subfield><subfield code="d">OCLCO</subfield><subfield code="d">OCLCQ</subfield><subfield code="d">OCLCF</subfield><subfield code="d">NVF</subfield></datafield><datafield ind1=" " ind2=" " tag="042"><subfield code="a">pcc</subfield></datafield><datafield ind1=" " ind2=" " tag="043"><subfield code="a">n-us-il</subfield></datafield><datafield ind1="0" ind2="0" tag="050"><subfield code="a">Newspaper 7577</subfield></datafield><datafield ind1="0" ind2="4" tag="245"><subfield code="a">The gazette-Democrat and the Anna talk.</subfield></datafield><datafield ind1="1" ind2="0" tag="246"><subfield code="a">Anna talk</subfield></datafield><datafield ind1="3" ind2=" " tag="246"><subfield code="a">Gazette Democrat and the Anna talk</subfield></datafield><datafield ind1=" " ind2=" " tag="260"><subfield code="a">Anna, Ill. :</subfield><subfield code="b">H. Clay Reppert,</subfield><subfield code="c">1945-1968.</subfield></datafield><datafield ind1=" " ind2=" " tag="300"><subfield code="a">v.</subfield></datafield><datafield ind1=" " ind2=" " tag="310"><subfield code="a">Weekly</subfield></datafield><datafield ind1="0" ind2=" " tag="362"><subfield code="a">Vol. 99, no. 42 (Nov. 15, 1945)-v. 119, no. 10 (Apr. 4, 1968).</subfield></datafield><datafield ind1=" " ind2=" " tag="500"><subfield code="a">July 1, 1954 issue called also "Century of progress edition."</subfield></datafield><datafield ind1=" " ind2=" " tag="580"><subfield code="a">Formed by the union of: Gazette-Democrat and: Talk (Anna, Ill.).</subfield></datafield><datafield ind1=" " ind2="0" tag="651"><subfield code="a">Anna (Ill.)</subfield><subfield code="v">Newspapers.</subfield></datafield><datafield ind1=" " ind2="7" tag="651"><subfield code="a">Illinois</subfield><subfield code="z">Anna.</subfield><subfield code="2">fast</subfield><subfield code="0">(OCoLC)fst01287694</subfield></datafield><datafield ind1=" " ind2="7" tag="655"><subfield code="a">Newspapers.</subfield><subfield code="2">fast</subfield><subfield code="0">(OCoLC)fst01423814</subfield></datafield><datafield ind1=" " ind2=" " tag="752"><subfield code="a">United States</subfield><subfield code="b">Illinois</subfield><subfield code="c">Union</subfield><subfield code="d">Anna.</subfield></datafield><datafield ind1="1" ind2="4" tag="780"><subfield code="t">Gazette-Democrat</subfield><subfield code="w">(DLC)sn 93055614</subfield><subfield code="w">(OCoLC)27647000</subfield></datafield><datafield ind1="1" ind2="4" tag="780"><subfield code="t">Talk (Anna, Ill.)</subfield><subfield code="w">(DLC)sn 93055615</subfield><subfield code="w">(OCoLC)27647073</subfield></datafield><datafield ind1="0" ind2="5" tag="780"><subfield code="t">Review (Cobden, Ill.)</subfield><subfield code="w">(DLC)sn 93055616</subfield><subfield code="w">(OCoLC)27648291</subfield></datafield><datafield ind1="0" ind2="0" tag="785"><subfield code="t">Gazette-Democrat, the talk and Cobden review</subfield><subfield code="w">(DLC)sn 93055617</subfield><subfield code="w">(OCoLC)27648372</subfield></datafield><datafield ind1="1" ind2=" " tag="029"><subfield code="a">AU@</subfield><subfield code="b">000025819949</subfield></datafield></record>